2193 2679
933 85 1161 122 ...4.-

124 196 192 234 τιῦ)
217 191 353 225 eundem
375 189 478 221 locum
501 192 615 219 tenere
649 185 716 229 ait,
739 196 779 218 ac
800 189 904 218 Solem
926 186 958 218 in
980 191 1117 229 nostro,
1147 194 1244 227 quem
1264 187 1358 218 velut
1377 185 1480 218 fllium
1500 185 1604 229 patris
1626 186 1714 219 illius
1741 188 1985 222 similitudinem

123 230 278 275 reddere;
300 232 370 264 sole
392 231 478 262 enim
500 229 688 273 deficiente,
713 229 790 261 licet
812 229 934 271 reliqua
956 229 1063 260 omnia
1085 228 1215 271 integra
1233 233 1396 272 maneant,
1416 229 1540 265 nullum
1561 233 1672 262 tamen
1693 239 1804 263 eorum
1819 242 1914 265 usum
1929 232 1984 265 fo-

126 292 182 322 re,
206 277 310 309 omnia
332 274 476 304 tenebris
499 277 597 314 atque
617 277 750 313 torpore
772 272 884 303 obruta
907 272 998 312 quasi
1021 275 1149 302 mortua
1167 270 1297 313 jacere,
1321 271 1479 303 redeunte
1501 272 1630 303 demum
1650 272 1803 313 vigorem
1825 279 1859 305 et
1880 276 1986 306 lucem

126 321 272 355 omnibus
294 315 405 358 reddi⁷
434 325 542 357 neque
565 314 678 350 oculos
701 314 864 345 hominum
886 323 991 354 neque
1013 323 1120 356 rerum
1142 317 1289 345 naturam
1310 313 1379 345 vim
1400 321 1493 345 suam
1516 313 1589 345 sine
1610 313 1666 345 illo
1687 323 1847 347 exercere
1867 326 1988 360 posse3

126 374 208 407 quae
230 357 406 393 similitudo
429 368 526 400 quam
549 357 687 400 egregie
709 356 882 388 conveniat
904 356 980 399 illis,
1003 366 1086 397 quae
1103 365 1202 397 supra
1226 356 1267 388 de
1287 356 1323 387 vi
1345 356 1420 387 boni
1442 357 1565 388 monita
1585 359 1674 398 sunt,
1696 362 1816 398 sponte
1838 364 1986 400 apparet.

126 404 238 439 Oculis
272 399 359 433 enim
388 400 570 442 respondet
591 399 710 430 mentis
732 400 841 440 acies,
863 407 968 429 rerum
990 402 1124 429 naturae
1146 398 1268 429 visibili
1289 399 1415 430 veritas
1436 399 1469 430 in
1491 398 1612 430 mundo
1634 399 1845 431 intellectuali
1867 402 1989 445 posita,

123 449 174 480 cui
196 440 450 487 cognoscendae
472 452 566 473 mens
589 442 729 472 humana
750 445 783 472 et
806 441 999 481 comparata
1013 444 1066 471 est
1090 444 1123 470 et
1144 439 1318 482 destinata,
1341 450 1437 481 quam
1459 445 1568 472 tamen
1591 441 1663 472 sine
1679 441 1755 472 boni
1772 442 1989 482 scientialne-

125 499 188 532 que
210 494 416 529 cognoscere
438 484 536 526 plane
558 493 665 525 neque
687 483 785 514 etiam
807 482 836 513 si
859 482 1074 524 cognoverit,
1105 481 1279 524 quidquam
1302 482 1378 513 inde
1408 481 1532 514 fructus
1556 483 1726 525 percipere
1753 484 1895 525 poterit3
1924 485 1990 517 nisi

127 533 213 564 enim
235 528 387 569 noverit,
412 528 464 559 cui
485 527 570 558 bono
593 525 745 557 adhibeat
768 535 925 567 quemque
948 524 980 554 in
1002 533 1097 555 usum
1120 528 1311 567 convertat,
1335 524 1441 556 omnis
1464 525 1626 567 sapientia
1647 525 1788 568 torpebit
1810 530 1844 557 et
1866 526 1991 560 inutilis

125 580 225 616 atque
248 571 451 602 infructuosa
472 569 566 610 quasi
589 569 623 599 in
645 568 765 608 angulo
787 567 905 597 mentis
927 565 1055 607 abjecta
1080 565 1212 606 jacebit.
1263 567 1390 598 Bonum
1420 566 1507 597 enim
1539 571 1574 597 et
1602 568 1683 598 utile
1706 568 1792 609 apud
1817 569 1991 601 Platonem

127 617 215 648 idem
230 613 299 653 1⁵);
328 610 426 643 modo
456 621 498 642 ne
527 609 614 640 aliud
643 610 722 640 utile
745 609 961 650 intelligatur,
996 608 1058 638 nisi
1082 607 1167 648 quod
1189 608 1231 638 ad
1254 617 1367 640 veram
1389 607 1579 639 felicitatem
1600 610 1867 651 consequendam
1887 611 1993 651 perti-

126 662 222 697 neat3
243 655 322 686 licet
344 653 430 684 enim
451 653 531 684 utile
555 651 681 682 dicatur
699 651 801 691 vulgo
825 649 909 692 quod
931 649 971 681 ad
994 650 1169 691 quemlibet
1199 650 1297 681 finem
1329 650 1529 691 propositum
1558 650 1740 694 conducat,
1771 662 1814 684 ex
1842 652 1992 686 Platonis

128 707 239 733 tamen
262 695 447 736 sententia,
471 704 568 735 quum
591 693 728 723 eandem
751 702 864 723 omnes
886 692 1072 722 felicitatem
1095 696 1249 734 appetant
1263 692 1333 734 14²)⁷
1366 692 1446 722 utile
1476 701 1553 723 esse
1582 692 1646 723 nisi
1676 703 1758 724 vere
1784 694 1903 725 bonum
1925 705 1992 727 non

128 745 250 785 potest.
294 738 412 779 Longe
436 741 545 767 tamen
567 735 661 765 aliter
682 734 765 765 haec
787 744 806 764 a
827 734 991 775 plerisque
1018 733 1184 764 intellecta
1213 738 1308 773 suut3
1337 743 1411 764 nam
1442 743 1539 775 quum
1565 734 1682 777 Plato,
1713 735 1992 777 splendidissimis

132 781 290 816 orationis
319 779 494 811 luminibus
517 777 659 819 imagine
689 776 865 818 exornata,
896 776 981 807 omni
1011 780 1044 806 et
1075 777 1193 807 mentis
1220 776 1290 807 acie
1312 780 1346 807 et
1367 775 1517 807 veritatis
1540 776 1724 809 substantia
1745 778 1898 809 altiorem*
1916 780 1993 811 boni

131 827 240 858 ideam
260 822 506 865 praedicasset,
535 818 811 862 non-Christiani
841 818 957 860 modo,
991 818 1045 859 qui
1067 816 1127 858 τὴν
1156 817 1285 863 εἰρήνην
1309 817 1373 850 τοῦ
1397 818 1482 850 ,9εοῦ
1507 815 1750 861 ὑπερέχουσαν
1772 818 1887 852 πάντα
1910 821 1991 854 νοῦν

132 871 167 900 in
190 876 285 900 sacro
308 864 421 895 codice
445 863 607 904 legissent
621 861 690 902 17),
723 860 784 891 sed
813 860 1012 901 antiquiores
1045 869 1171 901 quoque
1203 860 1282 892 nihil
1305 860 1368 890 nisi
1390 869 1549 899 summum
1573 862 1678 892 Deum
1700 862 1879 903 significari
1900 864 1994 895 tanta.

130 908 350 952 praestantiae
372 903 545 943 majestate
567 902 711 932 arbitrati
732 901 823 932 sunt:
862 901 1005 940 Quorum
1028 902 1254 943 agmen-ducit
1276 901 1482 942 Plutarchus,
1505 902 1558 942 qui
1579 903 1685 933 Deum
1706 904 1752 934 ait
1774 904 1879 934 solem
1900 905 1994 937 velut

132 952 278 984 effimem
300 947 351 980 sui
374 947 407 978 in
427 946 520 977 coelo
543 943 697 986 posuisse
713 943 778 983 13);
801 947 978 984 sequuntur
1000 942 1183 974 Numenius
1199 941 1476 986 ¹⁹),1Appulejus
1490 943 1561 986 ²0),
1592 944 1742 976 Plotinus
1757 946 1806 987 ²¹)
1855 946 1992 978 Macro-

96 1001 101 1003 *
134 979 210 1025 bjug
220 992 292 1032 22),
329 988 467 1020 Proclus
480 986 530 1026 23)
544 1009 554 1027 7
581 985 654 1027 alii,
688 984 729 1016 de
763 985 878 1024 quibus
901 985 1036 1025 egregie
1059 984 1213 1015 disseruit
1234 987 1284 1016 M.
1304 986 1358 1015 Jo.
1383 983 1449 1016 Ge.
1469 986 1552 1015 Arn.
1574 986 1725 1017 Oelrichs
1746 987 1779 1017 in
1803 968 1930 1018 domm.
1953 988 1996 1018 de

133 1033 279 1067 doctrina
308 1029 458 1062 Platonis
492 1027 533 1057 de
564 1027 635 1057 Deo
667 1035 687 1056 a
711 1025 907 1057 Christianis
937 1029 969 1056 et
999 1025 1231 1057 recentioribus
1265 1025 1444 1057 Platonicis
1472 1026 1565 1057 varie
1595 1027 1771 1069 explicata
1789 1032 1822 1059 et
1843 1029 1997 1072 corrupta

133 1075 335 1119 (Gottingae
359 1071 452 1104 1794.
474 1069 545 1110 8.);
569 1078 675 1110 neque
697 1068 812 1100 mirum
835 1068 1016 1099 Marsilium
1041 1067 1209 1110 Ficinum,
1243 1069 1296 1110 qui
1319 1073 1407 1100 totus
1430 1078 1449 1100 a
1471 1069 1705 1102 recentioribus
1727 1071 1791 1102 illis
1812 1071 1993 1104 Platonicis

132 1118 305 1161 penderet,
326 1113 475 1146 Platonis
497 1112 689 1143 auctoritate
711 1110 841 1140 ductum
864 1110 1017 1150 peculiari
1041 1110 1148 1140 libello
1171 1111 1443 1152 comparationem
1465 1111 1547 1141 solis
1571 1121 1643 1141 cum
1666 1112 1737 1142 Deo
1760 1113 1800 1144 0.
1824 1114 1872 1144 Μ.
1893 1115 1993 1144 insti-

132 1162 238 1193 tuisse
254 1158 321 1199 z‘⁴);
343 1154 403 1188 sed
426 1157 460 1185 et
482 1156 615 1184 nostrae
636 1151 812 1182 memoriae
834 1152 927 1193 viris,
952 1151 1108 1184 historiae
1130 1151 1355 1195 philosophiae
1377 1151 1518 1194 alioquin
1540 1153 1767 1198 gnarissimis,
1798 1154 1885 1187 idem
1918 1156 1993 1199 pla-

134 1205 212 1245 cuit,
233 1206 269 1235 ut
290 1199 387 1241 hujus
410 1195 571 1240 quondam
602 1194 788 1227 academiae
812 1193 920 1226 decori
944 1194 1175 1227 'l'ennemanno
1190 1195 1256 1235 2⁶);
1279 1205 1340 1227 nec
1362 1195 1696 1229 Schleiermacherum
1718 1198 1758 1229 ab
1779 1198 1843 1229 hac
1865 1200 1993 1240 opinio-

133 1257 174 1277 ne
197 1245 309 1284 procul
333 1240 504 1271 discedere
527 1239 716 1267 arbitramur
731 1237 796 1275 2⁶);
820 1237 1002 1276 nuperrime
1025 1241 1131 1266 autem
1160 1237 1322 1267 llenrieus
1345 1237 1493 1267 Ritterus
1506 1238 1556 1277 ²⁷)
1579 1238 1661 1268 adeo
1690 1239 1722 1268 in
1745 1249 1816 1270 eam
1839 1241 1991 1272 incubuit.

132 1293 168 1320 ut
193 1287 298 1329 ipsum
321 1283 427 1315 Deum
449 1290 493 1312 ex
516 1279 662 1310 Platonis
695 1277 858 1309 sententia
889 1277 973 1309 inter
1005 1277 1097 1310 ideas
1127 1277 1333 1310 referendum
1355 1277 1502 1321 adeoque
1525 1280 1665 1312 omnium
1687 1273 1992 1315 summam'haben-‘

134 1331 210 1362 dum
233 1330 385 1360 censeret
400 1324 466 1364 2ss);
491 1322 577 1364 quod
600 1331 695 1363 quam
715 1326 838 1360 temere
860 1326 1001 1352 sumtum
1024 1321 1087 1363 sit,
1120 1321 1263 1352 breviter
1286 1332 1344 1362 pro
1367 1321 1463 1361 hujus
1486 1322 1548 1353 loci
1571 1324 1733 1364 angustiis
1767 1325 1992 1357 demonstrare

179 1371 334 1402 nabimur.
1402 1366 1405 1372 ⁴
1650 1367 1653 1369 ¹
1844 1380 1846 1382 ’

136 1382 175 1403 co
262 1413 307 1444 Et
329 1410 465 1451 primum
489 1405 617 1448 quidem
640 1405 745 1435 Deum
770 1404 875 1445 ipsum
899 1404 982 1435 inter
1003 1403 1095 1434 ideas
1118 1403 1232 1434 referri
1255 1413 1273 1434 a
1294 1403 1433 1435 Platone
1455 1415 1519 1436 non
1542 1406 1712 1449 potuisse7
1742 1409 1797 1439 vel
1829 1408 1913 1440 inde'
1933 1419 1992 1442 se-

134 1457 259 1498 quitur,
294 1453 369 1494 quia
392 1452 497 1482 Deum
520 1447 635 1478 intueri
658 1446 750 1477 ideas
772 1446 813 1476 ad
836 1455 1011 1487 earumque
1040 1446 1225 1486 exemplum
1251 1445 1404 1477 mundum
1434 1455 1567 1478 creasse
1598 1449 1712 1480 statuit
1725 1450 1786 1491 3⁹).
1830 1451 1992 1483 Mittimus

139 1507 593 1524 d——ffl

132 1542 223 1583 N5504
249 1536 309 1577 τὴν
335 1533 527 1576 ἀπόκρισιν,
554 1529 601 1565 ὡς
624 1529 717 1562 νοῦν
740 1529 827 1561 ποτὲ
850 1529 992 1574 θνητοῖς
1017 1526 1163 1571 ὂίιμασιν
1185 1527 1356 1570 ὀψόμενοί
1369 1542 1408 1561 τε
1432 1528 1487 1561 καὶ
1506 1530 1715 1573 γνωσόμενοι
1732 1533 1858 1569 ἱκανῶς
1874 1543 1881 1550 ·
1905 1534 1995 1579 πρὸς

134 1581 168 1613 δὲ
192 1577 330 1612 εἰκόνα
353 1576 417 1608 τοῦ
441 1572 663 1617 ἐρωτωμένου
684 1569 889 1607 ,Βλέποντας
913 1569 1176 1615 ἀσφαλέστερον
1202 1570 1304 1612 ὁρᾶν]
1330 1576 1362 1601 et
1383 1569 1645 1613 Phaedr.p.246.
1667 1584 1703 1603 a:
1729 1572 1799 1607 οἷον
1822 1574 1992 1618 μέν’ἔστι,

132 1622 244 1661 πάντη
269 1618 410 1652 πάντως
433 1616 533 1649 θείας
556 1611 640 1647 εἶναι
664 1611 720 1644 καὶ
745 1611 883 1654 μακρὰς
908 1611 1103 1653 διηγήσεως,
1135 1611 1159 1654 ςὺ
1186 1611 1220 1644 δὲ
1244 1607 1376 1650 ἔοικε,
1404 1613 1622 1658 ἀνθρωπίνης
1645 1628 1682 1648 τε
1707 1615 1763 1648 καὶ
1787 1616 1991 1654 ἐλάττονος.

132 1665 187 1704 15)
212 1664 307 1694 Meno
329 1671 362 1702 p,
377 1660 478 1697 87,e3
503 1656 603 1698 Hipp.
626 1654 701 1695 maj,
725 1665 756 1696 p.
770 1655 842 1687 296.
866 1663 907 1692 e;
929 1654 1070 1695 Republ.
1093 1654 1130 1693 ΙΙ,
1155 1665 1186 1694 p.
1203 1656 1276 1692 379.
1296 1664 1333 1692 c;
1359 1652 1399 1684 cf.
1422 1655 1572 1696 Xenoph.
1596 1658 1691 1688 Mem.
1714 1659 1806 1689 Soer.
1827 1660 1881 1699 111,
1903 1660 1934 1694 8.
1954 1662 1993 1699 7;

133 1708 190 1744 lv,
213 1706 243 1739 6,
266 1706 297 1738 8,
411 1703 466 1739 16)
490 1697 635 1740 Republ.
659 1697 723 1736 lv,
746 1707 778 1738 p·
802 1696 874 1729 438.
898 1705 934 1733 ος
970 1697 1064 1743 {lieno
1087 1706 1119 1737 p.
1144 1697 1196 1730 77.
1219 1706 1256 1735 c;
1291 1696 1392 1746 Gorg.
1415 1707 1448 1738 p.
1470 1696 1542 1732 468-
1567 1708 1602 1737 e3
1641 1699 1791 1741 Sympos.
1814 1713 1847 1742 p.
1870 1704 1942 1736 205.
1967 1714 1995 1733 a.

132 1749 188 1786 17)
213 1748 245 1776 S.
267 1744 362 1777 Paul,
385 1742 425 1772 ad
451 1741 535 1771 Phil.
560 1740 616 1777 lv,
639 1741 668 1773 7.
779 1740 833 1772 18)
859 1736 908 1766 Ad
932 1747 1036 1778 princ.
1059 1736 1187 1777 inerud.
1211 1747 1239 1767 c.
1262 1741 1302 1771 5:
1339 1749 1377 1770 ου
1402 1739 1468 1783 γὰρ
1493 1739 1585 1775 εἰκὸς
1608 1739 1667 1773 τὸν
1689 1741 1768 1775 θεὸν
1801 1741 1832 1775 ἐν
1863 1741 1930 1786 ὕλη
1963 1741 1996 1777 ὑ-

131 1789 280 1834 πάρχειν
310 1782 603 1829 ἀναμεμιγμένον,
629 1778 710 1813 ἀλλ’
735 1778 766 1813 ἐν
789 1778 942 1830 βάθροις
966 1779 1090 1830 ᾁγίοις,
1115 1778 1147 1823 ἡ,
1174 1777 1258 1829 φησὶ
1282 1778 1447 1818 Πλάτων,
1471 1777 1576 1814 εὐθέα
1600 1783 1748 1828 περαίνει
1772 1784 1862 1818 κατὰ
1889 1783 1996 1825 Φύσιν

130 1828 465 1881 περπρρευόμενος,
511 1823 581 1856 οἷον
608 1823 642 1854 δὲ
666 1821 764 1864 ἥλιον
788 1821 819 1853 ἐν
846 1834 885 1854 ου
912 1834 978 1859 ανιυ
1003 1834 1136 1864 μιμημα
1160 1833 1201 1852 το
1226 1820 1437 1892 πεῖικαλλὲς
1460 1820 1571 1855 αὐτοῦ
1597 1823 1635 1855 δι’
1660 1824 1828 1869 ὲςόπτρου
1853 1826 1997 1860 είῆωλον

131 1873 315 1911 ἀναφαίνει
347 1881 378 1901 κ.
405 1880 437 1900 τ.
466 1865 499 1898 λ.
633 1865 688 1912 19.)
714 1863 887 1912 §.In-Ense
914 1884 921 1892 .
944 1863 1062 1904 Praep.
1086 1863 1210 1902 Evang.
1232 1863 1261 1893 X
1279 1885 1288 1901 ‚
1310 1863 1362 1897 22.
1385 1873 1417 1905 p.
1441 1863 1515 1899 543.
1642 1867 1698 1907 20)
1730 1867 1827 1910 Apol.
1858 1868 1899 1900 de
1929 1870 1997 1903 Ma.

129 1916 181 1958 gia
205 1916 244 1944 T.
268 1913 308 1949 11,
331 1912 432 1953 p.31:
459 1909 529 1947 „Ac
553 1906 628 1938 dein
652 1905 802 1936 similiter·
825 1911 974 1946 suspecta
997 1904 1209 1946 Empedoclis
1233 1908 1421 1949 καθαρμοὶ,
1446 1908 1589 1938 Socratis
1613 1909 1828 1948 Haemonion,
1850 1912 1996 1943 Platonis

130 1957 171 1990 τὸ
194 1953 370 1996 &ya36v“.
457 1951 514 1990 21)
538 1947 683 1980 Ennead,
698 1947 752 1995 ¹le
776 1946 832 1976 lib.
847 1947 931 1984 VIII,
955 1956 982 1976 c.
1006 1950 1026 1980 9
1048 1957 1118 1988 sqq.
1205 1947 1262 1987 22)
1286 1947 1335 1976 Ad
1359 1947 1469 1977 Somn.
1486 1948 1614 1990 Scip.1‚
1634 1953 1670 1984 2:
1695 1952 1870 1989 „Ceterum
1895 1963 1997 1996 quum

132 1998 173 2029 ad
198 2005 357 2027 summum
381 1999 414 2024 et
435 1991 621 2035 principem
645 1999 790 2020 omnium
821 1988 946 2027 Deum,
971 1998 1028 2030 qui
1043 1987 1128 2030 apud
1153 1987 1298 2019 Graecos
1321 1988 1499 2032 τάγαθὸν,
1530 1991 1586 2034 qui
1608 1993 1746 2037 πρῶτον
1776 1992 1886 2028 αἴτιον
1916 2007 1997 2027 nun.

132 2046 293 2082 cupatur,
315 2042 470 2067 tractatus
493 2045 528 2065 se
552 2032 651 2063 audet
673 2030 852 2062 attollere“
878 2037 940 2061 etc.
1048 2031 1104 2071 23)
1128 2029 1246 2061 Tlieol.
1268 2031 1394 2061 Platon.
1417 2032 1441 2071 ¹,
1465 2034 1504 2066 15
1528 2040 1560 2065 et
1583 2036 1645 2073 233
1668 2035 1770 2067 Instit.
1793 2036 1955 2081 Theolog.
1969 2048 1996 2070 c.

131 2084 212 2120 1133
237 2080 313 2119 εφη.
343 2078 450 2119 hymn.
474 2076 507 2106 in
529 2074 639 2106 Solem
664 2084 695 2104 v.
715 2073 759 2107 34
783 2072 932 2111 (Brunch
955 2072 1048 2102 Anal.
1073 2074 1111 2103 Τ.
1131 2072 1173 2110 11,
1203 2083 1237 2115 p.
1255 2072 1345 2113 442).
1376 2074 1502 2105 Eodem
1530 2076 1698 2117 pertinere
1732 2078 1864 2109 videtui·
1896 2086 1929 2112 et
1961 2081 1994 2111 in

129 2125 257 2156 Comm.
279 2122 311 2151 in
336 2119 457 2159 Cratyl.
480 2127 508 2148 c.
526 2118 587 2152 58:
612 2112 699 2148 οἶδεν
725 2112 781 2146 καὶ
805 2113 846 2146 τὸ
871 2113 1006 2156 ἀγαθὸν
1031 2113 1183 2147 ἐπέκεινα
1206 2115 1270 2147 τοῦ
1301 2113 1412 2148 καλοῦ
1446 2115 1502 2149 καὶ
1534 2116 1594 2150 τὸν
1623 2118 1704 2151 θεὸν
1746 2119 1900 2153 ἐπέκεινα
1921 2124 1997 2165 τῆς

128 2167 198 2199 τῶν
224 2163 318 2197 ἰδεῶν
345 2158 479 2196 οὐσίας.
573 2157 631 2196 24)
655 2157 711 2204 Vg
730 2155 802 2198 ejus
825 2155 913 2197 OPP·
936 2155 1039 2204 Ρέῑίδ-
1062 2154 1155 2190 1641-
1179 2156 1251 2186 Fol·
1271 2157 1310 2186 T·
1325 2157 1348 2195 Ι,
1366 2168 1399 2198 P·
1412 2159 1485 2193 990·
1594 2162 1650 2200 25)
1674 2161 1792 2192 Geseh.
1816 2162 1847 2192 d.
1870 2162 1995 2195 Philos.

125 2209 167 2246 ῃ,
189 2219 222 2250 Ρ,
245 2207 320 2242 385,
429 2201 488 2241 26)
511 2198 560 2231 Cl.
579 2197 678 2229 modo
702 2197 823 2228 inti-od.
846 2197 885 2227 ad
908 2197 1036 2228 Phileb.
1066 2198 1119 2238 (P.
1143 2198 1182 2236 11,
1204 2197 1280 2230 Vol.
1302 2201 1340 2234 3)
1362 2210 1394 2240 p.
1419 2200 1499 2239 134,
1525 2200 1583 2231 ubi
1609 2210 1745 2235 mentem
1776 2214 1866 2242 eam,
1896 2217 1995 2247 quam

125 2250 214 2281 bono
238 2249 312 2289 ipso
335 2243 529 2276 inferiorem
553 2240 648 2271 Plato
672 2239 772 2277 dicit,
801 2238 972 2269 humanam
1004 2245 1125 2270 tantum
1150 2239 1393 2280 intelligendam
1417 2241 1480 2272 ait:
1525 2248 1630 2284 „donn
1655 2250 1705 2276 die
1726 2249 1907 2286 wahrhafie
1927 2252 1996 2279 und

125 2295 273 2333 yattliche
297 2288 460 2327 Ver-nunt?
480 2287 564 2317 u-ird
584 2293 644 2314 aus
665 2285 757 2314 allem
779 2285 897 2326 Streiae
918 2284 996 2313 fiber
1019 2286 1079 2314 dm
1104 2284 1248 2321 Vorrmuy
1268 2286 1521 2323 lterauzqeltoben
1541 2290 1610 2318 und
1631 2291 1680 2319 als
1701 2291 1838 2320 belemml
1858 2300 1996 2322 toruus.

126 2340 265 2373 quotz-t,
296 2336 373 2363 dass
394 2334 441 2361 sie
462 2330 633 2365 allerdinys
653 2329 698 2357 im
719 2327 871 2356 ΙιόοΙιεΙεη
893 2328 994 2356 Sinne
1013 2329 1071 2356 das
1094 2327 1178 2356 θυῖε
1199 2328 1297 2356 selbst
1317 2326 1393 2367 aey“
1416 2331 1478 2356 ete.
1593 2329 1651 2367 27)
1674 2329 1792 2360 Gesch.
1816 2330 1847 2361 d.
1870 2331 1994 2364 Philos.

130 2377 181 2449 gh
192 2375 243 2448 1121
254 2385 286 2416 p,
308 2371 490 2450 283525330.
607 2365 665 2408 28)
688 2364 771 2396 Ibid·
794 2376 828 2409 p·
849 2366 912 2402 275
933 2376 1006 2409 sqq.
1114 2363 1172 2408 29)
1196 2365 1282 2401 Tim.
1303 2377 1336 2410 p·
1359 2367 1410 2402 28.
1433 2378 1472 2409 ος
1494 2369 1547 2403 52.
1569 2380 1587 2401 a
1595 2380 1605 2411 3
1629 2371 1783 2404 Parmen.
1805 2383 1838 2416 p.
1864 2373 1935 2411 134.
1959 2384 1993 2420 ‚⁰3

185 2427 221 2448 ae
246 2428 273 2451 r.
294 2427 326 2458 p.
413 2436 421 2444 .
469 2435 476 2443 ·
