2193 2679
991 84 1118 121 --7
1171 103 1219 109 -

138 219 143 225 ,
161 210 169 214 .
214 198 227 208 ’-
238 183 366 226 Quibus
388 183 536 218 omnibus
554 183 673 227 utique.
688 183 769 216 nihil
791 182 930 227 amplius
953 182 1105 217 effectum
1127 188 1198 228 est,
1222 193 1319 227 quam
1340 186 1377 216 ut
1396 182 1540 227 liquido,
1570 187 1607 216 ut
1629 193 1804 226 speramns
1819 206 1830 228 ,
1904 189 2030 228 pareat,

179 226 236 259 uid
258 226 333 259 idea
353 227 438 260 boni’
450 238 494 260 ex
505 227 654 260 Platonis
669 226 835 259 sententia
854 237 920 258 non
941 226 1056 269 fixerit3
1079 227 1231 271 quamvis
1253 226 1340 259 enim
1361 224 1668 269 ideam‘praoticam
1683 229 1772 260 'esse
1788 224 1861 264 inte
1906 227 2018 264 ximus

138 278 152 307 ᾖ
183 269 382 300 eflnitionem
401 270 519 300 tamen
533 269 609 299 boni
630 270 729 299 etiam
750 276 836 299 nunc
857 267 1100 310 desideramus3
1121 270 1183 309 sed
1204 270 1301 299 nefas
1322 269 1430 312 videri
1451 269 1559 315 possit
1579 269 1719 310 amplius
1741 268 1919 310 exquir-'ere
1941 251 2031 311 quoti

158 309 255 343 Plato
276 321 338 343 nos
359 312 489 344 nescire
509 310 662 343 voluerit.
704 309 826 353 Neque
848 309 934 342 enim
954 310 1018 343 hoc
1038 310 1277 354 tantmn'locffi
1300 309 1361 343 sed
1383 310 1481 342 etiam
1503 310 1536 342 in
1558 308 1716 355 Phileto,
1747 309 1801 351 ubi
1824 308 1904 344 data
1925 312 2029 354 operi

140 353 201 384 'de
220 364 347 386 summo
369 355 454 386 bono
471 353 563 396 vagit,
585 352 665 384 nihil
686 353 773 384 aliud
794 352 1046 393 praedicare'de
1067 355 1107 385 'eo
1140 364 1241 386 ausus
1270 357 1344 395 est,
1372 350 1437 385 nisi
1458 353 1596 394 mixtum
1623 358 1702 386 esse
1732 364 1776 396 ex
1805 353 2028 396 pulchritudi-

157 405 222 440 ne,
246 396 460 439 congruentia
481 399 516 426 et
536 394 689 438 veritate,
712 396 776 436 qua
797 393 839 424 de
859 395 1024 426 sententia
1044 397 1121 436 post
1142 396 1366 426 acutissimum
1388 394 1462 436 ejus
1483 393 1557 425 libri
1578 394 1790 437 interpretem
1819 399 1823 401 “
1857 394 1915 427 ere
1935 406 2027 428 nunc

136 437 227 475 Jnon‘
243 439 322 469 libet
337 439 387 478 50)
399 460 410 480 ‚
441 436 606 469 desiderio
633 441 746 468 nostro
776 441 843 468 tam
864 436 941 469 laxa
961 437 1260 479 circumscriptione
1281 448 1347 469 non
1368 436 1524 469 satisfieri
1545 443 1665 480 sponte
1686 438 1788 478 patet.
1862 437 1947 471 acile
1968 436 2024 471 ta-

153 488 231 510 men
252 479 323 510 fieri
344 483 478 520 posset,
510 481 547 509 ut
576 477 731 508 etiamsi
751 478 936 518 aperuisset
957 479 1153 510 sententiam
1174 488 1285 520 suam,
1316 477 1435 509 nudam
1459 488 1501 509 uc
1528 476 1778 520 proposuisset,
1810 489 1907 520 quam
1934 476 2023 512 nu‘n'c

134 520 418 561 sduloissimarum
439 518 616 563 imaginum
637 518 835 553 indumentis
856 519 994 566 velavit,
1014 530 1081 554 non
1101 520 1210 565 magis
1231 517 1398 564 plerisque
1418 488 1580 553 &esuum
1610 518 1839 562 satisfaceret3
1869 520 1957 565 quod
1986 527 2022 555 et

141 565 342 605 ‚aequalibus
365 564 438 603 ejus
460 563 622 594 accidisse
644 572 722 594 acce
746 563 840 594 imus.
883 563 939 594 Ne
961 565 1047 594 enim
1069 564 1176 611 ipsum
1197 564 1342 594 fortasse
1368 563 1598 604 philosophum
1619 563 1780 595 incertum
1801 562 1955 596 haesisse
1976 561 2019 603 de

134 603 230 646 [boni
252 609 368 637 natura
388 604 603 647 existimetis,
633 603 667 637 in
689 614 707 637 s
751 603 812 636 olis
833 603 889 636 ille
910 604 999 648 suis,
1033 604 1091 637 ubi
1108 606 1210 638 multo
1232 604 1330 636 altius
1350 604 1459 646 ipsum
1481 603 1711 654 philosophiae
1733 602 1944 638 fundamenta
1960 605 2019 656 je-

132 648 244 686 1ci··„‹e
266 658 310 679 ex
332 646 509 692 ἀγράφοις
532 646 696 689 δόγμασιν
720 646 791 688 ejus
824 650 860 678 ut
880 652 1038 679 vocantur
1077 657 1161 689 quae
1181 648 1222 679 ab
1243 646 1425 679 Aristotele
1447 647 1586 689 aliisque
1607 643 1704 691 nobis
1725 658 1770 679 ex
1792 648 1943 680 familiari
1964 660 2018 692 ip-

151 691 223 722 sius
245 689 419 731 disciplina
439 694 575 720 servata
595 693 688 732 sunt,
709 668 921 731 intelligimus
936 689 1004 732 ⁵¹),
1027 669 1115 720 ciare
1137 694 1172 721 et
1192 694 1305 731 aperte
1326 690 1524 720 sententiam
1547 687 1589 720 de
1610 687 1696 721 bono
1717 690 1940 738 pronuntiavit
1954 690 2015 733 ⁵2),

150 732 213 765 sed
233 732 291 774 ita,
313 736 349 765 ut
370 743 468 774 quum
488 731 580 764 multi
601 730 643 763 ad
665 729 930 774 cognoscendam
950 730 1026 763 boni
1047 736 1194 765 naturam
1215 731 1464 775 convenissent,
1486 730 1659 765 multorum
1680 732 1853 775 opiniones
1875 731 2016 775 falleret,

151 775 206 816 qui
229 785 325 815 quum
346 774 467 815 aliquid
489 775 620 815 eorum,
643 775 726 814 quae
746 774 849 816 vulgo
870 774 954 805 bona
974 774 1145 816 habentur,
1166 774 1333 806 audituros
1355 784 1393 806 se
1416 778 1684 817 exspectassent,
1707 785 1772 806 non
1794 775 1867 806 sine
1889 777 2017 815 summi

130 815 363 848 ..admiratione
388 818 495 848 Unmn
516 824 595 847 esse
617 815 736 847 bonum
756 818 965 856 acceperunt.
997 814 1092 856 Quod
1114 820 1223 847 tamen
1245 824 1342 857 quam
1362 816 1501 859 egregie
1523 814 1661 859 reliquis
1683 815 1757 847 e'us
1780 816 1911 857 placitis
1933 825 2017 859 con-

148 860 291 901 venerit,
314 858 419 891 fusius
442 868 484 890 ex
509 868 607 890 onere
628 868 715 890 nunc
734 868 800 890 non
814 857 909 898 licet3
930 856 1026 890 unius
1044 858 1184 891 omnium
1197 857 1360 891 notissimi
1378 856 1620 891 commonuisse
1638 868 1656 891 s
1717 857 1794 901 ciat,
1840 870 1882 892 uo
1897 859 2015 896 bonam

151 900 325 941 cujuslibet
347 901 394 931 rei
416 909 477 931 con
503 900 634 930 itionem
655 899 688 930 in
711 899 824 930 ordine
867 898 985 930 nodam
1006 903 1040 931 et
1061 905 1220 943 concentu
1242 901 1332 930 cerni
1354 898 1451 931 docet
1464 899 1534 942 ⁵³),
1556 901 1611 941 qui
1634 911 1732 942 quum
1754 869 1839 932 nihi?
1857 900 1945 933 aliud
1968 902 2012 934 sit

150 941 215 976 nisi
239 943 346 976 unitas
368 942 561 974 varietatem
584 951 704 984 regens
726 945 823 985 atque
867 941 1034 985 isponens‚
1048 941 1132 974 'boni
1153 941 1275 986 fontem
1299 942 1332 973 in
1353 953 1418 975 uno
1439 942 1583 986 positum
1600 951 1679 974 esse
1703 942 1880 976 manifesto
1897 944 2013 986 sequi-

150 990 219 1022 tur;
242 989 439 1026 quapropter
451 990 484 1015 et
499 983 653 1015 mundum
669 986 766 1015 unum
781 994 858 1015 esse
870 984 1018 1026 perhibet
1033 984 1081 1024 ⁵⁴)
1093 989 1126 1015 et
1142 983 1377 1026 rempublicam,
1410 984 1483 1016 uam
1500 985 1641 1026 maxime
1657 995 1757 1020 unam,
1772 996 1851 1017 esse
1859 987 1934 1017 vult
1950 988 2015 1027 ⁵⁵);

150 1026 237 1069 quod
259 1031 366 1058 autem
389 1026 420 1056 in
444 1022 624 1070 ἀγράφοις
645 1023 790 1067 δόγμασι
811 1025 903 1066 ipsas
924 1024 1017 1056 ideas
1039 1035 1082 1056 ex
1099 1026 1175 1057 Uno
1191 1030 1225 1056 et
1240 1025 1391 1067 ἀορίστῳ
1427 1023 1502 1057 υὰδι
1523 1028 1719 1066 procreatas
1729 1029 1808 1057 esse
1826 1026 1937 1058 docuit
1951 1027 2013 1068 ⁵6),

135 1066 277 1103 'sublimi
299 1069 345 1101 illi
367 1069 459 1112 loco,
483 1078 578 1111 quem
599 1067 674 1100 boni
694 1066 790 1101 ideae
810 1067 1016 1114 assignavit,
1048 1067 1131 1101 adeo
1153 1066 1349 1111 respondet,
1378 1071 1414 1101 ut
1436 1065 1574 1101 dubitari
1598 1067 1640 1101 de
1661 1066 1719 1108 illa
1740 1067 1814 1112 ejus
1847 1070 2013 1103 sententia

148 1122 215 1143 non
236 1113 354 1153 possit.
396 1112 432 1142 N
434 1121 525 1152 eque,
539 1111 625 1142 enim
646 1114 682 1141 ut
703 1115 944 1153 cognoscantur
964 1115 1090 1142 tantum
1111 1121 1132 1142 a
1152 1115 1284 1153 mente,⁴
1297 1111 1430 1152 reliquis
1452 1110 1537 1153 ideis
1559 1112 1701 1143 tribuere
1718 1112 1847 1143 Bonum
1868 1113 1926 1154 ait,
1948 1113 2011 1144 sed
2025 1112 2043 1125 ³

149 1158 186 1187 ut
207 1154 274 1185 sint
295 1154 394 1185 etiam
415 1157 581 1194 totamque
603 1152 782 1184 essentiam
808 1152 817 1183 i
842 1152 872 1184 si
903 1155 1071 1194 acceptam
1087 1152 1258 1198 referant·
1289 1151 1393 1195 ipsius
1424 1156 1533 1194 autem
1561 1151 1630 1184 vim
1659 1152 1934 1197 ma'estatemque
1956 1155 2013 1185 vel

149 1198 235 1228 ultra
256 1197 434 1228 essentiam
457 1195 598 1236 positam
619 1205 717 1236 esse,
740 1162 912 1237 quodpnon
932 1194 1163 1239 mirabuntur„
1194 1194 1227 1226 ui
1251 1175 1479 1226 bai-menidem
1501 1195 1662 1238 legerint,
1687 1163 1742 1229 neni
1763 1200 1878 1237 aperte
1902 1195 2011 1229 Unum

149 1240 190 1270 ab
211 1239 359 1271 essentia
381 1237 553 1280 distinguit
565 1236 626 1278 ⁵⁷).
667 1237 782 1269 Solum
800 1236 887 1268 enim
907 1236 987 1269 illud
1008 1241 1078 1280 est,
1122 1247 1164 1269 uo
1209 1235 1308 1268 etiam
1329 1237 1359 1268 si
1382 1243 1448 1268 non
1469 1235 1535 1280 sit,
1558 1238 1758 1280 cogitatione
1780 1243 1891 1270 tamen
1912 1238 2011 1270 as'se'-

146 1283 201 1324 qni
224 1283 332 1325 liceat,
356 1285 469 1323 utpote
491 1279 723 1325 cogitationum
740 1280 879 1311 omnium
895 1278 1050 1320 formam3
1072 1289 1108 1311 re
1121 1279 1267 1321 iquarum
1288 1276 1433 1311 idearum
1455 1289 1495 1311 ea
1517 1283 1571 1311 est
1586 1282 1700 1312 natura
1736 1284 1773 1312 ut
1788 1280 1852 1313 nisi
1869 1279 2011 1322 conjun-

146 1326 210 1355 ctis
232 1325 298 1354 unet
320 1324 381 1353 sub
397 1323 514 1363 specie
537 1322 649 1351 multis
661 1321 710 1361 ⁵⁸)
733 1322 1072 1363 cogitari-nequeant;
1094 1331 1178 1361 quae
1198 1321 1276 1359 licet
1298 1322 1391 1364 ipsae
1413 1331 1520 1364 rerum
1541 1322 1683 1364 omnium
1712 1331 1823 1353 ormae
1842 1323 1920 1363 sint,
1942 1323 2013 1354 sor-

145 1377 231 1399 mam
253 1371 362 1398 tainen
383 1365 488 1407 ipsam
511 1363 551 1395 ab
576 1363 650 1396 Uno
672 1369 713 1395 re·
730 1367 821 1395 etere
843 1359 982 1406 debent,
1004 1361 1091 1395 unde
1113 1367 1268 1406 apparet,
1297 1373 1393 1405 quum
1424 1360 1604 1395 secundum
1626 1361 1800 1396 Platonem
1822 1363 1930 1396 omnis
1953 1375 2012 1397 es-

147 1410 255 1447 sentia
276 1409 466 1448 veritasque
489 1408 521 1438 in
544 1406 657 1437 formis
681 1404 812 1446 (ειδεσι)
834 1406 943 1446 posita
956 1407 1010 1448 sit,
1033 1406 1183 1437 veritatis
1199 1406 1432 1447 essentiaeque
1451 1406 1557 1437 omnis
1580 1406 1706 1438 fontem
1728 1411 1826 1448 atque
1849 1408 2011 1450 originem

149 1452 181 1482 in
203 1452 278 1484 Uno
301 1449 470 1480 contineri.
514 1449 641 1480 Verum
660 1447 743 1478 haec
769 1448 877 1479 omnia
898 1447 940 1479 ad
960 1447 1189 1479 intellectualis
1210 1452 1335 1479 tantum
1356 1444 1466 1479 mundi
1489 1447 1634 1479 rationes
1658 1453 1828 1489 spectant3
1863 1454 2011 1480 nostnim

148 1495 256 1535 hunc,
291 1493 345 1534 qui
374 1491 527 1524 sensibus
558 1490 771 1538 percipiatur,
805 1489 847 1521 ad
876 1489 996 1521 mentis
1027 1489 1095 1521 vim
1126 1489 1316 1521 creatricem
1352 1489 1560 1521 referendum
1592 1499 1672 1522 esse
1701 1491 1784 1522 satis
1815 1499 1855 1522 su
1879 1500 1915 1522 ra
1948 1490 2011 1522 de-

147 1540 361 1568 monstratum
382 1539 451 1574 est3
474 1534 558 1564 hanc
578 1542 659 1563 vero
689 1532 880 1573 discipulum
909 1532 1013 1574 ipsius
1035 1532 1256 1573 Speusippum
1277 1542 1343 1563 non
1364 1532 1471 1564 minus
1501 1531 1542 1563 ab
1571 1532 1648 1565 Uno
1680 1542 1777 1574 quam
1805 1542 1827 1563 a
1887 1534 2010 1565 onitate

148 1578 344 1610 distinxisse
366 1577 506 1619 legimus
520 1575 586 1616 ⁵⁹);
609 1584 715 1616 neque
736 1575 935 1606 recentiores
957 1574 1146 1606 Platonicos
1175 1574 1239 1606 hoc
1269 1573 1444 1605 discrimen
1473 1573 1580 1617 fugit,
1626 1574 1679 1616 qui
1711 1585 1777 1607 non
1809 1575 1918 1607 Unum
1948 1576 2011 1607 sed

150 1622 298 1651 Mentem
322 1619 415 1654 (νοῦν
440 1615 662 1660 δημιουργὸν)
685 1616 837 1647 mundum
858 1625 992 1648 creasse
1014 1625 1087 1647 cum
1109 1616 1247 1647 Platone
1270 1616 1475 1659 statuebant3
1506 1615 1567 1646 sed
1594 1626 1690 1657 quum
1714 1616 1924 1649 nihilominus
1948 1619 2010 1650 sub

148 1662 254 1696 Unius
277 1665 311 1692 et
333 1660 416 1691 Boni
439 1658 551 1701 specie
573 1667 759 1699 supremum
770 1667 898 1699 ‚numen
919 1656 1166 1700 intelligendum
1188 1662 1381 1699 censerent,
1412 1657 1570 1698 expedire
1600 1667 1638 1688 se
1668 1658 1763 1690 aliter
1789 1668 1855 1689 non
1885 1664 2007 1700 potue-

234 1787 292 1826 50)
316 1785 366 1816 Cf.
389 1783 517 1814 Phileb.
541 1794 574 1825 p.
596 1781 648 1817 64.
672 1792 690 1813 e
704 1805 713 1821 .,
736 1788 769 1813 et
790 1782 979 1813 Stallbaum.
1008 1782 1165 1824 Prolegg.
1186 1793 1218 1824 p.
1240 1782 1314 1812 xci
1337 1792 1408 1824 sqq.
1537 1782 1594 1821 51)
1626 1781 1676 1812 Cf.
1707 1783 1841 1814 omnino
1869 1784 2011 1816 Brandis

149 1830 191 1861 de
214 1828 308 1870 pei-d.
333 1827 468 1857 Aristot.
492 1825 585 1856 libris
609 1825 651 1855 de
672 1824 754 1855 ideis
777 1831 810 1855 et
832 1824 873 1855 de
895 1824 1004 1863 bono,
1025 1825 1160 1855 Bonnae
1184 1825 1283 1863 18933
1317 1822 1613 1865 Trendelenburg,
1636 1824 1784 1855 Platonis
1806 1825 1847 1857 de
1872 1825 1954 1858 ideis
1978 1833 2012 1859 et

147 1869 292 1903 numeris
316 1867 474 1899 doen-ina.
499 1866 709 1908 Lips.1826.;
732 1865 841 1896 Ritter
864 1866 981 1897 Gesch.
1004 1865 1035 1896 d.
1058 1865 1181 1896 Philos.
1205 1865 1244 1904 11,
1266 1876 1298 1916 p.
1312 1867 1382 1901 169.
1490 1866 1547 1906 52)
1572 1865 1622 1895 Cf.
1640 1866 1827 1897 Aristoxen.
1851 1869 2010 1899 Har-mon.

148 1914 171 1945 1.
194 1914 232 1945 11.
255 1924 287 1955 p.
310 1913 352 1946 30
374 1909 424 1941 ed.
447 1908 618 1941 Meibom.:
645 1907 802 1953 καθάπερ
824 1908 1069 1952 Ἀριστοτέλης
1093 1906 1143 1942 ἀεὶ
1175 1906 1323 1951 διηγειτο
1355 1906 1442 1945 τοὺς
1464 1905 1656 1944 πλείστους
1686 1910 1755 1941 τῶν
1782 1908 2011 1944 ἀκουσάντων

149 1956 244 2000 παρὰ
266 1953 461 1986 Πλάτωνος
484 1951 545 1993 τὴν
568 1949 644 1994 περὶ
666 1951 731 1983 τοῦ
755 1950 1081 1994 ἂγαθοῦἂκρόασιν
1105 1951 1252 1987 παθεῖν,
1284 1950 1457 1993 προςιὲναι
1487 1951 1548 1994 μὲν
1572 1951 1640 1994 γὰρ
1671 1948 1819 1983 ἕκαστον
1852 1949 2011 1996 ὑπολαμ-

149 1995 305 2038 βάνοντα
329 1993 517 2036 λήψεσθαι’
536 2005 569 2024 τι
593 1993 662 2024 τῶν
685 1990 914 2037 νομιζομένων
939 1991 1158 2037 ἀνθρωπίνων
1180 1991 1357 2034 ἀγαθῶν.
1385 2016 1393 2024 .
1420 1989 1485 2032 ὅτε7
1501 1989 1537 2024 δὲ
1558 1991 1750 2035 φανείησαν
1775 1993 1807 2025 οἱ
1831 1991 1934 2036 λόγοι
1955 2007 2014 2029 πε·

153 2040 185 2081 ρὶ
209 2036 425 2083 μαθημάὲων
449 2034 505 2068 καὶ
529 2034 684 2079 ἀριθμῶν
709 2059 717 2067 .
745 2059 753 2066 .
780 2058 787 2066 .
817 2032 872 2066 καὶ
895 2032 936 2066 τὸ
959 2033 1066 2078 πέρας
1089 2032 1143 2067 ὅτι
1166 2033 1186 2066 ἀ
1214 2033 1301 2067 αθόν
1325 2032 1414 2066 ἐστιν
1436 2031 1491 2071 ἕν.
1515 2032 1701 2070 παντελῶς
1735 2030 1830 2078 οἶμαι
1861 2036 2014 2081 παράδο-

154 2081 217 2126 ξόν
237 2093 273 2113 τι
298 2079 458 2120 ἐφαίνετο
484 2076 608 2112 αὐτοῖς
631 2089 663 2108 κ.
689 2089 721 2113 τ.
746 2075 781 2107 λ.
886 2078 945 2112 53)
967 2076 1069 2116 Gorg.
1091 2086 1124 2117 p.
1144 2046 1211 2110 501
1231 2085 1302 2117 sqq.
1409 2074 1466 2115 54)
1488 2075 1574 2123 Tim.
1599 2086 1631 2117 p.
1654 2078 1707 2111 31.
1731 2087 1758 2106 a.
1867 2079 1925 2119 55)
1949 2080 2015 2110 Re-

151 2122 242 2167 publ.
266 2122 322 2159 lv,
344 2132 376 2162 p.
399 2119 472 2154 423.
495 2118 535 2158 d3
576 2119 678 2159 Legg.
700 2118 741 2156 V,
763 2128 796 2159 p.
819 2117 890 2156 739.
914 2116 952 2156 d;
990 2117 1084 2156 Vlll,
1106 2128 1138 2159 p.
1161 2117 1234 2152 828.
1256 2127 1284 2148 e.
1395 2117 1449 2155 56}
1474 2117 1611 2151 Amstot.
1633 2117 1814 2159 Metaphys.
1837 2119 1867 2158 1,
1889 2122 1931 2159 63
1971 2120 2013 2156 cf,

151 2162 427 2203 'Prendelenburg
453 2161 473 2190 l.
492 2160 511 2190 Ι.
533 2172 565 2202 p.
581 2160 622 2195 47
645 2170 717 2202 sqq.
740 2158 796 2201 qui
810 2165 910 2190 «recte
932 2159 1028 2190 etiam
1050 2158 1211 2190 intellexit
1234 2160 1282 2201 (p.
1303 2159 1360 2199 97)
1383 2158 1571 2190 Aristotelis
1593 2159 1695 2190 verba
1720 2160 1898 2202 Metaphys.
1922 2162 2010 2196 xlv.

150 2209 184 2247 4,
205 2218 238 2250 p·
259 2207 319 2240 301
345 2202 465 2234 Brand.
488 2202 659 2232 Platonem
680 2207 848 2243 spectare:
888 2202 958 2234 τῶν
982 2200 1017 2233 δὲ
1039 2201 1107 2236 τὰς
1130 2200 1321 2236 &mv-'rous’
1345 2197 1468 2236 οὐσίας
1492 2197 1577 2234 εἶναι
1602 2200 1778 2243 λεγόντων
1803 2203 1837 2235 οἱ
1858 2203 1918 2247 μὲν
1941 2205 2010 2245 φα-

152 2244 314 2285 σιν·αὗτὸ
339 2244 378 2285 τὸ
404 2243 437 2286 ἓν
461 2243 501 2276 τὸ
525 2242 660 2283 ἁγαθόν
683 2240 773 2276 αὐτὸ
795 2239 890 2276 εἶναι.
997 2243 1054 2281 57)
1077 2244 1115 2273 Ρέ
1130 2242 1200 2277 141.
1253 2255 1260 2275 :
1287 2239 1415 2276 οὒκοῦν
1441 2240 1498 2275 καὶ
1523 2241 1541 2285 ἦ
1567 2242 1670 2276 οὐσία
1691 2244 1758 2276 τοῦ
1782 2243 1859 2280 ἑνός
1881 2243 1931 2290 εἴη
1954 2242 2010 2285 ἄν,

155 2293 198 2326 ου’
217 2287 349 2324 ταύτόν
375 2288 462 2320 οὐσα
485 2287 535 2327 τῷ
561 2284 625 2323 {vi}
650 2283 691 2315 cf·
714 2286 785 2319 155.
804 2295 832 2315 e.
922 2285 980 2325 58)
1002 2283 1142 2315 Phaedr·
1164 2295 1197 2326 p-
1222 2287 1296 2319 259.
1312 2284 1352 2318 b:
1383 2283 1433 2318 δεῖ
1452 2284 1521 2334 γὰρ
1544 2282 1730 2330 ἄνθρωπον
1755 2284 1907 2327 ξυνιέναι
1931 2290 2012 2322 nar*

152 2331 244 2369 εἶδος
267 2328 451 2372 λεγόμενον
477 2326 514 2359 ἐκ
536 2325 680 2359 πολλῶν
704 2325 754 2358 ι’ὁν
778 2325 971 2366 αἰσθήσεων
993 2326 1041 2361 εἰς
1065 2324 1098 2358 ἓν
1122 2325 1226 2367 λογισ
1255 2327 1281 2367 ῷ
1306 2325 1596 2371 ἔυναιρουμενονε
1642 2326 1684 2357 cf.
1707 2325 1858 2376 Sympos.
1881 2339 1915 2370 p.
1937 2330 2016 2366 210·

151 2375 193 2414 1²3
214 2374 255 2405 de
276 2374 378 2423 Ixegg.
401 2369 479 2421 X¹.¹'.
493 2369 622 2419 P’„965‘
644 2378 662 2399 c
684 2373 747 2399 etc.
851 2369 910 2405 59)
932 2367 1024 2398 Stob.
1054 2367 1171 2409 Eclog.
1196 2368 1224 2398 P
1248 2378 1293 2409 ys.
1320 2368 1344 2407 Ι,
1366 2368 1397 2402 3.
1420 2378 1453 2410 p.
1475 2369 1520 2404 58
1539 2368 1657 2403 Heer,:
1694 2370 1930 2408 Σπευσιππος
1951 2370 2015 2407 τὸν

154 2416 234 2451 νοῦν
259 2426 341 2448 ουτε
363 2413 414 2456 τῷ
436 2423 481 2443 ενι
506 2422 588 2443 ουτε
608 2410 658 2452 τῷ
681 2410 807 2452 ἀγαθῷ
830 2408 890 2442 τὸν
911 2408 1040 2448 αὐτὸν,
1064 2409 1207 2451 ἰδιοφυῆ
1230 2409 1274 2442 δέ.
