2193 2679
503 330 986 368 ACADEMIAE
1038 329 1701 376 MARssURGENSIS-

159 402 791 496 [Ptsswfflmoeffmffl
835 420 972 487 ian
1019 363 2030 493 emessammmaumis

276 528 497 597 emm
533 527 1373 595 emousssomffims
1410 527 1854 606 masuam

1032 656 1060 678 S·
1114 655 1148 679 D.
1298 680 1301 683 ἢ
1837 669 1839 671 -
1924 676 1926 678 ,

691 728 1098 763 COMMILITONIBUS
1141 729 1496 765 DILEC'I'ISSIMIS.

152 874 410 946 proposuimus
438 900 568 943 Vobis,
600 899 851 933 Commilitones
873 900 1111 933 Humanissimi
1126 923 1136 943 ,
1167 901 1253 933 inter
1282 901 1420 943 plurima
1448 901 1512 934 alia
1521 924 1540 944 ,‚
1572 901 1688 944 quibus
1718 901 1866 934 exerceri
1896 900 2031 952 ingenia

151 948 278 979 Vestra
298 945 406 985 adque
428 944 584 974 bonarum
606 944 723 975 artium
745 943 855 975 studia
878 943 1008 975 incendi
1053 943 1180 987 ossint,
1212 943 1364 976 Platonis
1389 944 1489 975 etiam
1510 944 1625 976 librum
1647 955 1741 987 eum,
1770 945 1822 976 cui
1852 954 1916 975 nec
1944 949 2030 977 mter

151 990 226 1031 ipsa
251 987 354 1018 divini
373 985 562 1028 philosophi
585 985 709 1027 scripta
731 996 843 1027 parem
865 986 1002 1018 alterum
1038 985 1121 1024 anile
1144 985 1342 1028 inveniatis,
1364 985 1632 1030 Rempublicam,
1656 996 1760 1029 quae,
1792 986 1944 1028 quamvis
1965 986 2029 1020 do·-

149 1031 369 1063 ctissimorum
390 1029 535 1059 virorum
557 1028 645 1059 curis
668 1032 702 1059 et
723 1028 901 1069 antiquitus
923 1029 1084 1060 illustrata
1106 1032 1139 1059 et
1161 1038 1264 1070 nuper
1284 1027 1372 1067 haud
1394 1029 1544 1071 segniter
1565 1033 1715 1072 tractata,
1737 1027 1821 1060 adeo
1842 1033 1954 1060 tamen
1975 1030 2030 1061 in-

150 1074 346 1105 exhaustum
369 1070 551 1111 sapientiae
573 1071 824 1111 venustatisque
848 1070 971 1102 sontem
992 1070 1148 1112 continet,
1170 1074 1206 1102 ut
1228 1070 1362 1111 nemini,
1385 1072 1439 1111 qui
1461 1070 1505 1102 ad
1526 1080 1600 1103 eam
1621 1072 1815 1113 accesserit,
1838 1072 2030 1112 experiendi

151 1114 310 1148 acuminis
334 1112 501 1144 doctrinae
526 1121 567 1149 ue
589 1112 727 1153 materia
748 1112 793 1143 sit
816 1110 976 1143 defutura.
1029 1111 1119 1146 Nam
1153 1121 1250 1154 quum
1281 1111 1398 1152 eadem
1426 1122 1563 1154 prorsus
1591 1113 1636 1149 sit
1663 1113 1910 1155 philosophiae,
1944 1122 2029 1155 quae

150 1158 233 1191 coeli
269 1155 356 1189 unde
379 1119 551 1186 descendit
586 1154 681 1197 ratio,
701 1158 750 1197 ut,
773 1163 838 1196 quo
890 1153 955 1199 tius
977 1153 1168 1190 escenderis
1190 1153 1392 1196 nebulasque
1415 1158 1493 1197 post
1514 1159 1548 1186 te
1569 1155 1761 1198 reliqueris,
1784 1165 1825 1186 eo
1846 1155 1945 1187 latius
1965 1165 2029 1198 pa-

149 1200 221 1232 tere
237 1180 439 1240 longiusque
462 1176 714 1238 recedere'ejus
736 1194 852 1239 profun
877 1200 941 1238 itas
961 1196 1126 1241 videatur,
1147 1197 1250 1229 multa
1270 1201 1443 1239 praeterea
1465 1197 1626 1230 accedunt
1647 1198 1681 1229 in
1701 1198 1857 1240 Platone,
1875 1207 1971 1240 quae,
1993 1203 2030 1231 ut

150 1246 242 1274 recte
265 1236 658 1279 intellecta-voluptatem
681 1238 825 1279 legentis
848 1238 997 1279 impense
1019 1242 1161 1280 augent,
1192 1238 1238 1269 ita
1259 1243 1383 1271 tantum
1412 1239 1508 1270 abest
1530 1243 1566 1271 ut
1587 1239 1692 1280 primo
1712 1240 1826 1271 statim
1848 1245 2029 1281 conspectu

152 1286 305 1326 pateant,
327 1286 362 1313 ut
384 1282 443 1311 vix
465 1281 505 1310 ab
527 1290 592 1310 uno
614 1279 794 1320 eodemque
817 1280 948 1310 homine
971 1280 1067 1310 simul
1090 1281 1198 1310 omnia
1219 1280 1365 1320 conspici
1387 1281 1527 1321 possint.
1571 1281 1858 1312 Artificiosissima
1879 1281 2030 1322 disputa-

151 1328 274 1359 tionum
297 1324 403 1356 series
427 1333 490 1354 non
515 1326 638 1353 tantum
662 1321 736 1364 ipsa
759 1321 943 1354 disserendi
966 1322 1160 1364 subtilitate,
1192 1321 1253 1354 sed
1280 1322 1378 1354 etiam
1413 1321 1614 1355 dulcissimis
1637 1323 1816 1355 fabularum
1837 1323 2030 1367 ambagibus

151 1368 341 1410 impeditur;
362 1370 451 1396 tecta
473 1365 655 1405 aequalium
677 1374 750 1395 cum
773 1365 900 1395 summa
922 1365 1082 1396 irrisionis
1100 1365 1278 1396 acerbitate
1300 1365 1514 1406 reprehensio
1536 1366 1622 1396 haud
1644 1376 1718 1397 raro
1739 1366 1795 1396 vel
1818 1365 2030 1398 doctissimos

154 1412 247 1442 viros
269 1409 380 1447 latuit,
403 1406 565 1438 sermonis
588 1405 729 1447 denique
750 1407 996 1448 magnificentia
1018 1410 1110 1437 tanta
1132 1410 1204 1447 est,
1226 1411 1262 1438 ut
1281 1406 1356 1448 ipso
1378 1416 1480 1448 saepe
1502 1407 1680 1448 splendore
1701 1417 1762 1439 suo
1784 1408 2030 1451 praestringere

155 1452 335 1494 legentium
358 1450 470 1480 oculos
492 1448 645 1479 videatur
668 1458 775 1489 mque
797 1449 873 1479 ullis
898 1450 929 1479 in
952 1449 1034 1480 locis
1056 1458 1108 1479 ma
1135 1449 1164 1479 is
1187 1449 1385 1490 interpretes
1408 1450 1603 1490 caligarint,
1634 1459 1730 1490 quam
1752 1450 1870 1490 quibus
1891 1450 2030 1491 plurima

155 1493 311 1526 orationis
335 1490 456 1523 lumina
479 1490 575 1521 Plato
598 1489 754 1520 adhibuit.
812 1489 908 1530 Quod
943 1499 1029 1521 nune
1051 1491 1105 1532 qui
1130 1500 1182 1521 em
1202 1500 1267 1522 uno
1290 1491 1443 1532 exemplo
1467 1491 1609 1522 omnium
1632 1491 1855 1522 illustrissimo
1877 1500 2032 1534 compro-

155 1538 232 1569 bare
263 1533 450 1566 conabimur
482 1542 525 1563 ex
555 1531 597 1562 iis
626 1531 840 1574 Reipublicae
870 1533 961 1564 libris
984 1532 1160 1575 desumto,
1194 1542 1277 1574 quos
1299 1541 1410 1565 coram
1431 1532 1539 1566 Vobis
1561 1533 1769 1575 ihterpretari
1790 1543 1850 1576 per
1872 1534 2030 1577 temporis

155 1578 327 1620 angustias
352 1586 417 1607 non
440 1575 549 1614 licuit3
571 1574 635 1605 alia
656 1584 716 1615 per
738 1574 923 1606 scholarum
945 1576 1152 1606 occasionem
1173 1575 1407 1606 tractabuntur.

281 1616 528 1649 Illustrissimus
552 1616 644 1647 locus
667 1620 720 1646 est
742 1615 796 1647 lib.
818 1617 889 1659 Vl,
912 1627 944 1658 p.
964 1617 1029 1648 505
1050 1626 1124 1658 sqq.
1146 1616 1200 1648 ubi
1223 1616 1341 1658 Plato,
1364 1621 1580 1658 posteaquam
1601 1617 1672 1648 fieri
1694 1627 1798 1658 posse
1820 1617 2030 1651 demonstra-

156 1663 226 1704 vit,
248 1665 284 1693 ut
306 1670 413 1692 rerum
435 1658 635 1700 publicarum
657 1657 896 1697 administratio
920 1657 961 1690 ad
984 1658 1111 1708 philoso
1136 1658 1199 1691 hos
1221 1659 1432 1700 perveniret,
1452 1658 1520 1700 jam
1543 1660 1651 1700 ipsum
1674 1659 1922 1703 philosophum,
1945 1671 2030 1702 qua-

157 1705 223 1736 lem
243 1703 305 1734 sibi
328 1706 438 1734 mente
460 1700 641 1743 proposuit,
663 1700 834 1732 instituere
857 1701 1059 1744 aggreditur.
1104 1669 1211 1741 &uem
1232 1706 1369 1742 apparet
1392 1712 1490 1742 quum
1512 1702 1742 1743 rempublicam
1764 1702 1806 1733 ad
1828 1704 2031 1744 propositum

157 1747 221 1788 ipsi
243 1746 340 1777 finem
361 1742 545 1775 conducere
568 1742 697 1784 debeat,
719 1743 916 1784 reipublicae
939 1748 1047 1774 autem
1070 1753 1231 1774 summum
1253 1743 1421 1775 felicitatis
1444 1743 1612 1785 fastigium
1634 1744 1837 1784 propositum
1858 1745 1913 1786 sit,
1936 1754 2029 1777 eom-

158 1787 322 1830 parandae
345 1785 511 1818 felicitatis
534 1784 766 1826 gilarissimum
788 1795 867 1817 esse
889 1790 1052 1828 oportere.
1106 1785 1311 1827 Quamquam
1340 1795 1405 1816 non
1428 1786 1625 1827 reipublicae
1647 1785 1755 1828 magis
1777 1795 1873 1827 quam
1895 1796 1956 1819 sua
1977 1789 2030 1831 ip-

159 1831 231 1862 sius
254 1837 353 1860 causa
374 1827 589 1869 philosophus
611 1827 675 1857 hoc
697 1827 814 1867 debet3
837 1827 986 1869 adeoque
1008 1827 1091 1858 haec
1112 1828 1189 1869 ipsa
1209 1836 1311 1859 causa
1331 1826 1402 1870 fuit,
1428 1836 1486 1858 cur
1508 1828 1554 1858 ita
1575 1832 1700 1859 tantum
1722 1828 1836 1859 beatas
1852 1839 1932 1860 esse
1945 1840 2029 1871 pos-

161 1881 200 1905 se
222 1881 277 1903 res
299 1870 445 1912 publicas
467 1869 563 1899 Plato
586 1868 772 1909 contendit,
794 1869 823 1899 si
846 1874 901 1900 aut
924 1874 1101 1911 regnarent
1121 1869 1310 1911 philosophi
1333 1873 1389 1899 aut
1415 1879 1515 1910 reges
1544 1869 1853 1911 philosopharentur
1870 1871 1920 1913 ¹),
1954 1873 2029 1913 quia

159 1915 265 1945 solum
310 1910 518 1952 hilosophum
540 1909 707 1941 felicitatis
730 1911 819 1941 viam
840 1916 953 1942 tenere
976 1912 1182 1942 existimaret
1195 1911 1229 1951 2)
1252 1921 1359 1952 neque
1380 1911 1477 1941 aliam
1500 1921 1606 1942 rerum
1629 1912 1827 1952 publicarum
1847 1922 1888 1943 ae
1909 1914 2028 1955 sing-u-

161 1955 264 1987 lorum
311 1954 452 1986 ominum
474 1951 665 1982 felicitatem
686 1952 894 1984 arbitraretur
908 1953 959 1994 3);
982 1958 1016 1984 at
1038 1962 1119 1984 vero
1143 1953 1221 1984 licet
1242 1963 1301 1994 per
1320 1962 1358 1983 se
1375 1953 1466 1984 solus
1486 1953 1603 1985 beatus
1620 1963 1698 1984 esse
1716 1953 1931 1996 philosophus
1945 1966 2029 1996 pos-

163 1999 225 2039 sit,
246 1997 281 2027 vi
303 1994 502 2037 adigendum
525 1993 595 2024 fore
618 1994 662 2024 ait
675 1993 728 2035 4),
751 1999 786 2026 ut
807 1994 950 2035 reliquos
973 2004 1120 2036 quoque,
1143 1994 1241 2026 modo
1286 2004 1322 2025 er
1343 1995 1435 2034 ipsos
1459 1995 1575 2035 liceat,
1597 1995 1640 2026 ad
1662 2005 1755 2037 eam,
1783 1995 1876 2036 cujus
1909 1998 2029 2039 quique

165 2047 305 2080 capaces
328 2038 412 2079 sint,
434 2035 603 2067 felicitatis
625 2034 763 2077 gradum
787 2035 963 2077 perducat3
993 2045 1089 2077 quam
1111 2036 1175 2067 etsi
1197 2045 1257 2077 per
1272 2040 1377 2067 ectam
1399 2036 1615 2078 philosophus
1636 2041 1761 2068 tantum
1784 2037 1923 2078 adipisci
1944 2049 2027 2080 pos-

165 2081 230 2123 sit,
251 2080 315 2111 hoe
338 2083 448 2111 tamen
468 2078 541 2119 ipso
566 2077 704 2109 consilio
726 2087 781 2109 res
804 2077 950 2119 publicas
971 2077 1109 2121 institui,
1131 2082 1167 2111 ut
1188 2078 1242 2110 his
1263 2077 1306 2110 ad
1327 2077 1517 2111 felicitatem
1537 2078 1805 2121 philosophorum
1826 2080 1927 2122 opera
1949 2091 2028 2123 per-

243 2214 516 2260 '1)‘Republ.‘V.
536 2226 570 2258 p.
592 2213 665 2252 473.
688 2215 730 2255 (1;
774 2214 942 2258 cn'Epist.
963 2215 1045 2256 vn,
1091 2241 1099 2249 .
1119 2217 1194 2252 326·
1217 2227 1246 2249 a.
1335 2217 1386 2258 ’2)
1408 2215 1604 2259 Euthydem.
1625 2228 1658 2260 p.
1673 2219 1754 2255 ⁴282.
1777 2229 1812 2251 a:
1828 2217 1949 2263 ’ἐπειδὴ
1972 2217 2025 2256 εἴ)-

166 2262 326 2307 δαίμονες
348 2259 409 2303 μὲν
439 2253 524 2292 εἶναι
545 2256 829 2302 προθυμούμεθα
852 2257 996 2301 πάντες,
1044 2258 1056 2292 ἑ
1092 2258 1215 2303 &vnum
1235 2258 1286 2293 δὲ
1316 2259 1473 2293 τοιοῦτοι
1495 2259 1691 2304 γιγνόμενοι
1715 2259 1753 2294 ἐκ
1777 2262 1841 2295 τοῦ
1864 2263 2027 2313 χρῆσθαί

165 2318 204 2338 τε
224 2304 301 2339 τοῖς
322 2299 504 2347 πράγμασι
527 2300 583 2332 καὶ
608 2298 722 2344 ὀρθῶς
744 2302 916 2345 χρῆσθαι.
946 2301 1008 2344 τὴν
1027 2300 1067 2342 551}
1091 2300 1348 2345 ὁρθότητακαὶ
1371 2299 1542 2345 εὐτυχίαν
1566 2301 1735 2345 ἐπιστήμη
1759 2302 1778 2346 ἣ
1803 2316 2026 2346 παρεγουσα.

168 2344 218 2379 δεῖ
241 2344 279 2387 δὴ
304 2341 352 2378 ὡς
379 2340 489 2376 ἔοικεν
518 2341 657 2374 ἅπαντα
688 2341 796 2389 roim-o
820 2342 1151 2390 παρασκευάζεσθαι
1180 2341 1278 2378 ὅπως
1301 2341 1357 2376 ὅτι
1380 2342 1596 2383 σοφώτατος
1618 2342 1727 2377 ἔσται.
1840 2346 1877 2386 3)
1901 2339 2030 2388 Singuli

171 2387 256 2419 enim
278 2383 426 2416 homines
449 2394 468 2414 a
486 2382 592 2414 ¹rebus
613 2381 755 2424 publicis
776 2383 1001 2426 magnitudine
1019 2389 1143 2415 tantum
1173 2383 1351 2423 differ-uun
1372 2383 1414 2415 cs.
1436 2384 1494 2423 lv,
1516 2395 1548 2427 p.
1570 2383 1644 2420 435.
1666 2395 1706 2426 e5
1728 2386 1821 2427 VIII,
1841 2398 1875 2429 p.
1897 2386 1972 2424 544.
1995 2388 2027 2420 d.

170 2428 209 2466 4)
229 2425 373 2468 Republ.
394 2425 475 2465 vn,
495 2426 625 2468 pae519.
649 2434 686 2464 ος
709 2423 751 2456 cf.
775 2425 842 2456 Cic.
869 2424 910 2457 de
931 2426 1016 2468 Rep.
1038 2425 1064 2466 1,
1086 2428 1127 2469 6¹3
1155 2425 1314 2465 Themin.
1337 2425 1380 2458 de
1400 2425 1563 2463 Praelecat.
1584 2428 1636 2463 30.
1683 2431 1686 2433 '
