2193 2679
146 210 234 254 quod
254 210 289 242 in
309 209 391 241 libro
412 208 625 251 Reipublicae
648 206 774 249 decimo
788 205 838 247 5⁰)
860 205 952 248 ipsas
973 215 994 236 a
1015 205 1086 237 Deo
1107 208 1337 239 creatas'esse
1364 206 1457 239 ideas
1487 212 1615 249 narrat3
1646 208 1683 243 id
1702 202 1790 241 enim
1820 218 1842 241 a
1868 210 1939 241 tota
1960 211 2014 253 ip-

148 252 412 294 sius‘doctrina,
434 261 529 294 quam
552 250 628 282 alibi
651 248 832 292 proposuit,
854 248 937 280 adeo
960 248 1099 280 alienum
1122 253 1196 291 est,
1219 253 1255 280 ut
1276 249 1435 281 decimum
1458 249 1547 294 illum
1570 251 1685 283 librum
1707 248 2014 294 longissimotem-

148 296 238 337 por-is
266 295 438 327 intervallo
465 304 485 324 a
514 293 649 334 reliquis
678 291 875 332 disjunctum
906 298 967 325 nec
988 291 1051 321 nisi
1071 300 1148 322 sero
1176 290 1321 322 additum
1346 301 1435 332 essev
1442 290 1516 332 jure
1538 293 1631 325 nobis
1654 294 2013 337 statuere'videamur3

145 335 208 369 scd
229 339 326 370 etiam
349 337 379 369 si
401 334 555 368 aeternae
576 335 643 366 sint
665 343 708 365 ex
730 332 835 375 ipsius
856 332 1021 366 sententia
1043 332 1136 365 ideae
1144 334 1157 376 ',
1188 333 1295 365 Deum
1327 338 1437 366 tamen
1459 335 1543 366 inter
1564 335 1638 367 illas
1661 346 1740 378 esse
1761 347 1826 369 non
1849 338 2012 381 sequitur,

147 390 232 422 quae
255 389 317 411 nec
337 379 506 411 materiam
529 376 679 419 quamvis
704 381 739 406 et
759 376 864 416 ipsam
886 379 1051 406 aeternam
1073 377 1272 407 contineant.
1321 376 1443 419 Neque
1475 377 1574 408 ullum
1603 378 1709 410 locum
1737 376 1879 411 inveniri
1893 377 2013 422 ‘'po'‘sse

148 422 349 464 arbitramur,
371 419 568 458 undebaliud
590 427 668 451 esse
689 422 777 449 ideas
797 421 952 458 appareat
968 410 1037 448 ‘nisi
1061 418 1210 449 notiones
1231 418 1333 450 menti
1355 418 1561 460 propositas}
1582 423 1645 451 Dei·
1666 419 1775 452 autem
1797 426 1913 461 natura
1929 421 2013 454 'tan'-

148 467 217 496 tum
239 464 334 495 abest
354 467 391 494 ut
411 464 445 493 in
466 466 593 493 notione
613 459 722 501 posita
745 458 805 500 sit,
827 463 953 499 uttota
973 459 1081 500 potius
1104 464 1218 490 metuis
1242 459 1349 491 locum
1372 460 1517 502 obtineat
1538 471 1644 502 neque
1658 461 1774 507 'magis
1797 460 1909 504 haberi
1936 460 2013 496 ἰδέα

146 506 272 548 possit,
303 514 400 547 quam
421 508 534 536 nostro
557 502 629 534 loco
652 501 845 543 sapientiam
876 500 994 532 bonum
1022 500 1128 542 ipsum
1149 500 1262 533 haberi
1284 501 1380 534 Plato
1402 502 1591 546 concessit,
1608 508 1609 511 ’
1624 502 1775 545 quamvis
1805 506 1891 538 enim
1917 509 2012 539 'arcte

146 547 323 590 conjuncta
344 547 479 578 diversa
499 549 608 577 tamen
630 554 708 575 esse
732 544 873 585 oportet,
897 553 1032 585 quorum
1054 553 1094 575 ea
1114 543 1243 584 indoles
1265 549 1338 587 est,
1358 545 1396 576 ‘ut
1417 545 1554 577 alterum
1578 544 1677 577 alteri
1694 546 1875 587 subjectum
1898 550 1953 592 sit,
1976 556 2013 582 ut

146 591 268 622 bonum
291 589 490 629 sapientiae,
512 588 613 618 menti
636 586 766 617 divinae
783 585 888 615 ideae.
941 585 1088 624 Quatuor
1117 586 1204 616 enim
1232 596 1340 616 rerum
1369 587 1495 627 genera
1519 586 1688 618 constituit
1710 589 1805 619 Plato
1822 590 1888 629 50:
1911 591 2011 623 finem

147 632 222 664 sive
245 631 402 672 formam,
437 628 613 672 infinitum,
643 637 738 669 quam
760 626 927 665 materiam
950 626 1059 668 dicere
1080 627 1196 669 liceat,
1218 627 1364 669 genitum
1388 637 1431 659 ex
1452 628 1622 670 utriusque
1643 627 1872 670 conjunctione
1894 637 2011 676 ortum,

147 674 225 706 vim.
239 672 380 713 denique
400 672 592 714 genitricem
614 670 654 701 ab
677 674 814 710 utroque
836 673 1042 712 separatam,
1065 678 1161 710 quam
1182 674 1325 700 mentem
1347 669 1426 701 dicit
1447 668 1513 702 'tam
1536 670 1681 703 divinam
1704 682 1800 713 quam
1822 674 2012 716 humanam3

147 715 247 747 homo
269 715 355 745 enim
376 714 479 744 veluti
500 722 622 754 parvus
643 710 783 742 mundus
798 714 895 751 atque
911 710 1026 741 eadem
1043 711 1211 752 utriusque
1232 715 1347 742 natura
1360 712 1421 753 5Δ),
1445 712 1628 744 ita'tantum
1644 718 1679 744 ut
1693 713 1806 746 divina
1820 726 1914 747 mens
1930 727 2012 758 pura

149 757 195 789 sit
216 766 323 798 neque
344 756 419 788 ullis
444 760 645 786 terrenorum
667 752 899 784 elementorum
920 752 1215 793 perturbationibus
1229 752 1403 796 *inquinata
1415 753 1479 795 5³).
1523 754 1571 786 At
1590 756 1710 787 mentis
1732 757 1901 800 utriusque
1923 759 2010 791 idem

149 799 310 832 officium:
331 802 368 829 ut
387 798 560 829 veritatem
582 796 615 826 in
638 795 721 826 ideis
742 793 942 836 propositam
964 794 1200 836 contempletur
1222 794 1264 826 ad
1285 795 1423 836 ejusque
1446 806 1591 828 normam
1609 795 1757 830 actiones
1775 809 1854 831 suas
1871 800 2011 844 dirigat3

151 841 239 884 quod
266 841 331 872 etsi
362 841 463 871 multo
496 838 674 880 perfectius
706 836 818 867 divina
848 845 944 877 quam
972 836 1113 868 humana
1141 838 1236 868 mens
1262 837 1371 868 facere
1400 837 1528 881 possit,
1564 844 1680 871 neutra
1704 844 1813 872 tamen
1836 841 2012 885 quidquam

148 888 321 925 praeterea
342 891 415 913 cum
436 881 522 912 ideis
543 889 712 911 commune
727 878 842 909 habet.
892 878 981 922 Nam
1002 878 1065 909 hae
1086 879 1180 919 primi
1201 879 1335 920 generis
1367 884 1462 922 sunt,
1495 880 1583 911 un'de
1610 881 1695 912 lines
1718 883 1850 923 quidem
1873 885 2011 917 modus-

149 934 217 966 que
235 925 333 955 rebus
357 922 664 963 omnibus-petitur,
687 919 747 951 sed
770 917 928 950 accedere
949 919 1064 961 debet,
1087 920 1141 961 qui
1161 923 1268 962 petat,
1291 929 1364 963 nec,
1387 921 1562 962 quamlibet
1583 919 1698 954 {rerum
1720 924 1765 955 sit
1786 934 1894 967 neque
1916 937 2012 958 men-

138 971 216 1003 tem
238 965 411 1008 quidquam
435 965 498 996 nisi
527 962 704 1005 propositis
733 961 817 993 ideis
847 960 979 992 efficere
1008 971 1129 1005 posse,
1158 971 1265 1004 neque
1297 972 1340 994 ex
1358 962 1453 1001 videis
1499 964 1650 1006 uidq’uam
1672 963 1736 997 nisi
1757 968 1877 999 mentis
1910 970 2011 1009 opera

148 1009 240 1049 fieri,
264 1008 337 1037 ideo
359 1008 413 1036 vel
437 1007 543 1036 ideam
566 1005 640 1034 boni
661 1003 799 1033 eandem
820 1011 893 1033 cum
911 1002 1101 1045 vi‘divina,
1123 1004 1180 1033 vel
1201 1008 1343 1034 mentem
1364 1005 1448 1036 inter
1470 974 1562 1048 iqleas
1584 1015 1662 1036 esse
1691 1008 1848 1048 sequitur.
1892 1009 2011 1056 Longe

149 1049 285 1082 diversa
305 1048 473 1091 utriusque
493 1046 626 1090 generis
649 1049 780 1076 natura:
802 1043 881 1075 illud
902 1043 1083 1087 immobile,
1113 1044 1318 1087 negotiorum
1347 1046 1486 1078 omnium
1519 1055 1738 1090 curarumque
1762 1059 1885 1092 expers
1939 1053 2012 1085 sola

151 1092 300 1126 essentia
320 1095 509 1122 contentum
523 1089 590 1129 ³4);
613 1087 710 1127 hujus
731 1087 786 1118 vis
808 1086 913 1118 omnis
935 1087 968 1118 in
989 1087 1188 1132 sempiterno
1214 1092 1303 1130 motu
1326 1089 1467 1119 cernitur
1481 1089 1530 1129 3⁵)
1543 1112 1553 1131 ,
1584 1100 1684 1131 quem?
1710 1092 1774 1123 etsi
1796 1102 1816 1123 a
1837 1074 2012 1132 nulfj‘ex-

151 1134 247 1165 terna
270 1133 305 1167 vi
327 1132 489 1173 accipiat,
514 1134 630 1172 suapte
651 1133 761 1163 tamen
783 1128 892 1173 indole
913 1124 955 1158 ad
975 1128 1140 1172 'agendum
1161 1129 1382 1173 compellitur3'
1411 1130 1541 1171 sintque
1564 1132 1640 1162 licet
1662 1137 1784 1165 causae
1806 1142 1912 1166 rerum
1936 1145 2009 1167 om-

150 1177 239 1209 nium
260 1176 293 1207 in
315 1174 399 1207 ideis
421 1174 569 1217 positae,
598 1171 751 1204 effectum
779 1175 888 1205 tamen
917 1169 1039 1205 habere
1070 1180 1136 1202 non
1162 1175 1320 1216 possent,
1350 1171 1414 1204 nisi
1442 1172 1601 1219 miscendi
1630 1176 1876 1220 generandique
1910 1182 2012 1212 causa

149 1230 245 1253 mens
267 1219 341 1250 sive
364 1218 476 1252 divina
499 1217 573 1248 sive
595 1214 952 1253 humauaexstitisset.
988 1214 1093 1255 ,Quod
1113 1213 1213 1254 igitur
1228 1224 1306 1253 *eam
1326 1215 1393 1255 vim
1417 1214 1463 1257 τῆ
1485 1216 1552 1248 τοῦ
1572 1217 1712 1256 ἀγαθοῦ
1738 1218 1809 1250 ι’δὲα
1831 1221 1952 1262 tribuit,
1977 1227 2012 1251 ut

150 1262 260 1292 omnia
281 1259 357 1290 inde
379 1259 482 1289 vitam
503 1262 601 1298 atque
621 1257 771 1298 vigorem
792 1255 964 1297 accipiant,
988 1264 1124 1296 eamque
1145 1254 1321 1300 cujuslibet
1342 1255 1416 1286 boni
1439 1260 1546 1288 status
1568 1264 1700 1292 causam
1723 1259 1769 1291 ait
1783 1253 1854 1303 5‘6),
1877 1271 1942 1293 non
1966 1262 2012 1294 ita

153 1301 377 1346 accipiendum
399 1305 470 1343 est,
492 1305 529 1333 ut
550 1299 614 1342 ipsi
636 1298 729 1342 quasi
750 1298 804 1330 vis
826 1297 985 1347 quaedam
1006 1297 1147 1344 creatrix
1168 1296 1263 1339 insit3
1292 1297 1378 1341 quod
1404 1298 1437 1344 si
1469 1298 1576 1343 foret,
1610 1310 1672 1332 nec
1700 1298 1895 1345 philosbplio
1929 1316 2012 1346 opus

152 1351 265 1386 esset,
288 1346 342 1385 qui
367 1344 408 1374 ad
430 1344 502 1384 ejus
527 1352 672 1373 normam
693 1341 921 1381 rempublicam
943 1341 1156 1371 constitueret
1175 1340 1342 1380 vitamque
1364 1341 1537 1372 humanam
1559 1348 1708 1383 regeret3
1740 1344 1826 1386 quod
1849 1348 1968 1377 autem‘
1980 1348 2013 1378 in

150 1387 317 1429 republica
338 1384 552 1427 philosophus
565 1406 575 1426 ,
598 1383 684 1414 idem
705 1382 739 1413 in
759 1381 878 1413 mundo
899 1382 1011 1424 Deus,
1034 1390 1140 1422 neque
1162 1380 1250 1412 aliud
1272 1381 1366 1412 Plato
1390 1382 1489 1423 dicit,
1522 1383 1586 1415 nisi
1614 1385 1659 1416 ita
1690 1389 1815 1418 tantum
1837 1388 1892 1418 vel
1916 1398 2014 1420 mun-

151 1430 228 1462 dum
250 1439 270 1460 a
293 1429 364 1459 Deo
386 1428 441 1458 vel
464 1426 693 1468 rempublicam
714 1434 735 1455 a
756 1424 952 1465 philosopho
974 1424 1057 1454 bene
1080 1423 1233 1454 constitui
1256 1433 1376 1465 posse,
1406 1424 1460 1455 ubi
1489 1425 1529 1455 ab
1552 1426 1628 1457 idea
1651 1427 1726 1458 boni
1771 1429 1844 1460 nasi
1877 1430 2014 1462 sormam

152 1476 250 1513 atque
272 1465 457 1511 exempmm
479 1468 589 1510 operis
610 1470 761 1509 repetant
773 1465 836 1507 ³7).
878 1464 972 1497 Idem
993 1465 1079 1504 euim
1100 1464 1134 1496 in
1154 1464 1241 1496 lianc
1264 1465 1351 1507 quod
1372 1466 1405 1496 in
1428 1465 1570 1509 reliquas
1593 1467 1686 1500 ideas
1709 1479 1748 1501 ca
1772 1470 1807 1512 it,
1831 1476 1866 1503 ut
1889 1472 2015 1505 illarum

216 1553 417 1593 30)⁷P.597.
489 1551 546 1590 31)
569 1549 801 1591 Phileb-p-23·
812 1538 979 1584 d—27.'b:
1002 1548 1140 1592 πρῶτον
1158 1548 1219 1592 μὲν
1239 1548 1354 1581 τοίνυν
1373 1546 1512 1594 ἄπειρον
1535 1549 1640 1593 λέγω,
1666 1549 1824 1599 δεύτερον
1840 1552 1876 1586 δὲ
1891 1555 2014 1599 πέρας,

154 1594 258 1629 ἔπειτ’
281 1593 318 1627 ἐκ
340 1591 476 1626 τούτων
490 1593 616 1636 ἃ’τρίτον
638 1590 760 1635 μικτὴν
786 1588 842 1623 καὶ
864 1589 1087 1643 γεχενημένην
1112 1586 1244 1637 οὖσξαν·
1263 1589 1323 1633 τὴν
1344 1589 1610 1663 δᾲτῆςᾹιίξεως
1632 1594 1744 1627 αἰτίαν
1769 1593 1825 1628 καὶ
1848 1597 2015 1637 ’γενέσεως

152 1635 321 1682 τετάρτην
346 1635 456 1678 λέγων
481 1635 547 1678 ἄρα
570 1634 615 1678 μὴ
638 1631 878 1676 πλημμελοίην
902 1644 962 1671 αν;
990 1633 1058 1680 Nec
1080 1637 1244 1680 repugnat
1266 1632 1429 1663 Ausonius
1452 1633 1464 1662 l
1488 1633 1543 1674 yll.
1567 1635 1625 1672 Xl,
1645 1635 1708 1671 45:
1731 1641 1772 1669 1η
1791 1641 1936 1679 physicis
1953 1645 2017 1672 tria

154 1685 276 1721 prima,
297 1683 389 1719 (leus,
410 1682 568 1717 mundus,
590 1681 666 1708 data
683 1680 791 1715 forma
796 1687 810 1716 ;
832 1674 954 1706 mundo
977 1684 1064 1705 enim
1086 1680 1257 1705 materiam
1305 1685 1414 1716 noque
1438 1675 1698 1718 comprehendit,
1804 1681 1862 1720 32)
1886 1681 2017 1713 Phileb,

157 1734 191 1764 p,
212 1722 254 1755 29
277 1726 309 1751 et
330 1721 392 1758 303
423 1718 553 1749 Politic.
576 1730 608 1759 p.
630 1717 706 1752 274.
731 1727 769 1755 c;
799 1716 892 1747 Tim.⁴
929 1738 936 1746 .
960 1716 1011 1750 41.
1035 1725 1064 1748 c.
1109 1713 1292 1762 Cf·.M³.c¹'⁰
1318 1741 1326 1748 .
1352 1716 1391 1746 ad
1413 1716 1525 1747 Somn.
1549 1718 1638 1760 Scip.
1662 1719 1701 1757 11,
1726 1722 1779 1754 12:
1811 1722 1937 1757 „anima
1961 1735 2017 1753 au-

153 1770 239 1802 tem,
262 1762 319 1805 qui
340 1770 438 1793 verus
460 1759 559 1791 homo
582 1765 642 1798 est,
665 1758 705 1789 ab
729 1757 817 1788 omni
840 1766 901 1788 con
926 1756 1026 1788 itione
1048 1755 1255 1788 mortalitatis
1279 1756 1382 1787 aliena
1406 1763 1454 1789 est
1477 1757 1630 1798 adeo‚·ut
1650 1761 1690 1792 ad
1715 1761 1929 1794 imitationem
1951 1765 2016 1796 Dei

157 1805 316 1837 mundum
339 1803 482 1845 regentis
504 1808 597 1842 regat
619 1808 651 1832 et
671 1800 740 1842 ipsa
764 1810 901 1841 corpus,
924 1799 999 1830 duin
1023 1810 1040 1829 a
1064 1809 1099 1829 se
1122 1798 1299 1837 animatur-3
1332 1799 1407 1830 ideo
1437 1799 1563 1841 physici
1594 1803 1752 1833 mundum
1783 1816 1935 1844 magnum
1959 1807 2018 1837 lio-

156 1846 278 1878 minem
301 1851 335 1875 et
362 1844 528 1874 hominem
552 1844 686 1874 brevem
712 1840 867 1871 mundum
890 1850 962 1871 esse
981 1839 1168 1870 dixerunt“.
1296 1841 1353 1879 33)
1383 1841 1487 1871 Recte
1511 1840 1583 1877 =lioc
1614 1843 1695 1874 vidit
1725 1850 1758 1875 et
1783 1845 2017 1879 Stanbaumffus

157 1887 312 1930 Prolegg.
336 1885 376 1917 ad
399 1884 528 1916 Phileb.
552 1896 584 1928 p.
601 1883 783 1917 LXXXVII
798 1893 882 1955 squ
894 1881 951 1926 qui
972 1887 1078 1913 tamen
1101 1880 1191 1925 quod
1213 1880 1389 1915 discrimen
1412 1882 1524 1915 statuit
1546 1883 1634 1917 inter
1653 1891 1756 1920 ideam
1775 1891 1850 1921 boni
1870 1888 1902 1920 in
1926 1901 2019 1922 mun-

157 1931 201 1962 do
221 1928 421 1969 intelligibili
443 1928 602 1968 positam,
626 1926 718 1965 cujus
740 1926 829 1956 solus
885 1935 941 1955 eus
964 1934 1065 1965 capax
1088 1924 1163 1962 sit„
1179 1930 1213 1955 et
1233 1935 1393 1956 summum
1414 1929 1548 1964 bonum,
1582 1928 1672 1969 quod
1696 1928 1820 1959 homini
1843 1937 1918 1960 nato
1942 1942 2020 1962 con-

157 1972 287 2014 tingere
309 1969 432 2011 possit,
454 1968 583 1999 Platoni
603 1967 734 2002 nullum,
751 1976 823 2000 esse
844 1965 961 2008 potuit.
1005 1966 1111 1996 Unum
1135 1964 1227 1996 enim,
1244 1965 1368 1995 homini
1390 1967 1598 2008 propositum
1624 1975 1693 2008 est,
1725 1976 1762 2000 ut
1783 1982 1881 2013 quam
1905 1974 2020 2015 proxi-

156 2024 210 2046 me
232 2012 273 2045 ad
296 2012 404 2043 Deum
427 2010 561 2042 accedat
584 2007 735 2052 (Theaet.
757 2019 790 2051 p.
814 2008 909 2049 172);
932 2017 997 2051 quo
1020 2006 1098 2039 licet
1120 2016 1284 2049 nunquam
1307 2013 1395 2039 totus
1417 2009 1606 2050 perveniat,
1628 2022 1772 2043 summus
1794 2019 1915 2052 tamen,
1938 2027 2020 2058 quo-

159 2065 264 2099 usque
285 2053 462 2097 pervenire
484 2050 600 2091 liceat,
624 2051 743 2094 gradus
766 2049 895 2081 definiri
917 2049 1048 2081 omnino
1071 2059 1131 2080 nec
1156 2055 1267 2091 potest
1286 2059 1346 2080 nec
1369 2049 1477 2082 debet.
1598 2052 1655 2093 34)
1678 2054 1766 2085 Tim.
1787 2067 1819 2097 p.
1841 2057 1904 2096 283
1929 2058 2022 2099 Sym.

159 2109 232 2141 12⁰⁸·
254 2108 287 2139 p,
309 2098 369 2131 211
395 2102 457 2128 etc.
573 2095 630 2134 35)
657 2092 706 2124 ef.
730 2092 771 2124 de
793 2093 898 2134 Legg.
919 2092 972 2132 X,
998 2102 1032 2132 p.
1053 2091 1117 2127 894
1139 2102 1211 2133 sqq.
1256 2092 1345 2123 Mens
1376 2092 1461 2123 enim
1488 2093 1558 2125 sine
1592 2095 1698 2126 anima
1731 2107 1803 2128 esse
1825 2109 1889 2129 non
1913 2107 2023 2141 potest

156 2139 301 2178 (Philekh
324 2149 357 2180 p·
379 2138 431 2171 30·
455 2146 491 2175 Οἱ
523 2135 607 2166 Tim·
629 2146 661 2177 p-
684 2135 737 2168 30.
753 2133 812 2174 b),
835 2134 940 2164 anima
963 2139 1070 2164 autem
1093 2133 1288 2175 ἀεικίνητος
1311 2131 1368 2166 καὶ
1393 2131 1644 2180 αὖτοκίνητος,
1668 2136 1809 2169 Phaedr.
1838 2151 1871 2181 p.
1894 2143 1970 2175 245.
1993 2153 2022 2173 c,

159 2182 218 2222 36)
240 2181 324 2221 Rep.
340 2179 418 2217 Vll,
442 2189 474 2220 p.
494 2178 566 2213 517.
589 2176 631 2207 b:
657 2174 689 2209 ἐν
713 2176 764 2217 τῷ
786 2175 934 2219 ’γνωστῷ
957 2173 1144 2208 τελευταία
1168 2173 1187 2214 ἦ
1212 2174 1277 2208 τοῦ
1301 2174 1440 2217 ἀγαθοῦ
1466 2175 1536 2209 ἰδέα
1560 2202 1568 2210 .
1596 2203 1605 2211 .
1632 2204 1640 2212 .
1669 2177 1717 2216 ὡς
1739 2177 1807 2226 ἄρα
1829 2184 1914 2215 πᾶσι
1938 2182 2020 2216 πάν-

157 2234 228 2258 των
252 2220 341 2264 αὕτη
367 2219 480 2264 ὀρθῶν,
510 2232 548 2252 τε
578 2217 635 2251 καὶ
667 2216 783 2250 καλῶν
812 2217 919 2249 αἰτία.
987 2214 1036 2247 Cf.
1060 2222 1093 2247 et
1113 2215 1200 2247 Phil.
1221 2227 1255 2258 p.
1276 2215 1328 2251 64.
1352 2226 1389 2247 c:
1413 2217 1447 2249 τί
1471 2217 1543 2259 δῆτ’
1566 2218 1609 2251 ἂν
1633 2219 1665 2253 ἐν
1698 2223 1743 2266 τῆ
1775 2222 1846 2264 ξυμ
1876 2223 1940 2265 lizi
1971 2239 2020 2258 τι·

186 2263 332 2298 ιὼτατον
355 2260 428 2305 ἅμα
453 2259 510 2293 καὶ
533 2258 674 2304 μάλιστ’
698 2255 807 2292 αἴτιον
831 2255 1022 2299 ἂνδόξειεν
1048 2270 1080 2290 κ.
1099 2270 1133 2290 τ.
1151 2256 1186 2290 λ.
1230 2256 1282 2300 Cf.
1307 2257 1420 2289 Stallb.
1443 2269 1476 2301 p.
1499 2261 1664 2296 LXXXV.
1769 2264 1827 2305 37)
1848 2236 2022 2308 ἥρμγῃ,

155 2278 230 2339 [ιο.
252 2329 260 2337 .
284 2328 293 2337 .
316 2327 324 2336 .
348 2302 381 2338 ἕν
405 2316 443 2337 τε
465 2302 517 2346 τῷ
540 2302 654 2346 νοητῷ
686 2297 775 2344 αὐτὴ
809 2313 851 2334 uu
872 2298 1112 2342 1ιἰ.ἰ,,ὀιλή9ειιιν
1145 2297 1202 2337 καὶ
1229 2300 1312 2347 νοῦν
1342 2302 1619 2348 παρασχομένη,
1659 2302 1715 2337 καὶ
1740 2303 1794 2339 ὅτι
1818 2305 1868 2340 δεῖ
1888 2307 2023 2354 ταύτην

159 2349 238 2383 ἰδεῖν
260 2345 320 2381 τὸν
343 2344 520 2390 μέλλοντα
553 2342 738 2389 ἐμφρόνως
767 2312 902 2388 πρᾶξαι
925 2341 983 2379 καὶ
1008 2337 1159 2392 ἰδίακιῂ
1183 2340 1350 2395 δημοσίας
1376 2337 1419 2374 cl:
1446 2353 1479 2385 p.
1496 2343 1577 2380 534,
1600 2345 1638 2376 b·
1664 2344 1704 2383 ὃς
1727 2345 1768 2380 ἂν
1787 2347 1838 2402 μὴ
1863 2346 1932 2395 gy„
1957 2349 2025 2386 διο-

159 2392 321 2447 ςὶσασθαι
344 2389 395 2431 τῷ
421 2386 517 2430 λόγῳ
541 2385 609 2420 ἀπὸ
632 2386 700 2419 τῶν
725 2381 844 2419 ἄλλων
868 2377 1175 2435 πάντωνρᾢλων
1196 2396 1259 2460 τᾌν
1282 2384 1346 2419 τοῦ
1370 2384 1512 2430 ἀγαθοῦ
1537 2386 1626 2422 ι’δὲαν
1650 2414 1659 2423 .
1686 2414 1695 2423 .
1724 2415 1733 2424 .
1759 2401 1844 2426 ουτε
1866 2385 1956 2429 αὗτὸ
1980 2393 2023 2430 τὸ

156 2431 292 2478 αγαθὸν
317 2430 443 2475 φήσεις
464 2429 585 2463 εἰδέναι
608 2425 691 2464 οὔτε
714 2424 808 2462 ἄλλο
832 2425 967 2471 ἀγαθὸν
990 2425 1088 2461 ουδὲν
1113 2439 1146 2460 κ.
1169 2439 1204 2460 τ.
1257 2452 1265 2460 .
1491 2436 1494 2438 ’
